% Encoding: UTF-8

@Misc{web:definicion_seguridad,
  author = {Pérez Porto Julián, Gardey Ana},
  title  = {Definición del concepto de seguridad},
  year   = {2008},
  note   = {Recuperado el 18 de Marzo de 2017 desde \url{http://definicion.de/seguridad/}},
  url    = {http://definicion.de/seguridad/},
}

@Misc{web:juan_vucetich,
  author = {Sosa Carlos},
  title  = {Principio de Identidad Criminalística Libre 3.5},
  month  = {ene},
  year   = {2008},
  note   = {Recuperado el 4 de Mayo de 2017 desde \url{http://principiodeidentidad.blogspot.com/2008/01/biografa-de-juan-vucetich.html}},
  url    = {http://principiodeidentidad.blogspot.com/2008/01/biografa-de-juan-vucetich.html},
}

@Manual{manual:software_NIST_biometric,
  title        = {User's Guide to NIST Biometric Image Software},
  author       = {Craig I. Watson, Michael D. Garris, Elham Tabassi, Charles L. Wilson, R. Michael McCabe, Stanley Janet, Kenneth Ko},
  organization = {National Institute of Standard and Technology},
  address      = {100 Bureau Dr,Gaithersburg, MD 20899,Estados Unidos},
  month        = {oct},
  year         = {2004},
  url          = {www.nist.gov/customcf/get_pdf.cfm?pub_id=51097},
}

@MastersThesis{tesis:verificacion_identidad_universidad_peru,
  author = {Balmelli Chuquisengo Luis Eduardo},
  title  = {Verificación de Identidad de Personas mediante Sistemas Biométricos para el Control de Acceso a una Universidad},
  school = {Pontificia Universidad Católica del Perú},
  year   = {2006},
  type   = {Tesis de Maestría},
  url    = {http://tesis.pucp.edu.pe/repositorio/bitstream/handle/123456789/988/BALMELLI_CHUQUISENGO_LUIS_SISTEMAS_BIOMETRICOS_UNIVERSIDAD.pdf?sequence=1},
}

@MastersThesis{tesis:factibilidad_control_acceso_empresa_bogota,
  author  = {Jorge Enrique Gutiérrez Ricardo},
  title   = {Estudio de factibilidad para el control de acceso biométrico en una empresa empleando lectores de huella digital},
  school  = {Universidad de la Salle},
  year    = {2007},
  type    = {Tesis de Maestría},
  address = {Bogotá D.C.},
  url     = {http://repository.lasalle.edu.co/bitstream/handle/10185/2158/T91.07%20G985e.pdf?sequence=1},
}

@TechReport{tesis:identificacion_iris_bbva_peru,
  author       = {Janet Johanna Cirineo Huamani, Manuel Alonso Villanueva Yaranga},
  title        = {Diseño de un sistema de identificación biométrico según el lector de iris para cajeros automáticos del banco BBVA},
  institution  = {Universidad Tecnológica del Perú},
  year         = {2012},
  type         = {Tesis de Licenciatura},
  howpublished = {2012},
  school       = {UNIVERSIDAD TECNOLOGICA DEL PERÚ},
  url          = {https://pis2.wikispaces.com/file/view/TESIS+2+-23+de+NOVIEMBRE.docx},
}

@Manual{manual:fingerprint_ZFM-20,
  title        = {ZFM-20 Series Fingerprint Identification Module User Manual},
  author       = {ZhianTec},
  organization = {ZhianTec},
  edition      = {1.4},
  month        = {sep},
  year         = {2008},
  url          = {https://cdn-shop.adafruit.com/datasheets/ZFM+user+manualV15.pdf},
}

@Book{libro:practical_arduino,
  title     = {Practical Arduino},
  publisher = {Apress},
  year      = {2011},
  author    = {Oxer, Jonathan and Blemings, Hugh},
  date      = {2011-01-26},
  ean       = {9781430224785},
  isbn      = {978-1-4302-2478-5},
  url       = {http://www.ebook.de/de/product/16204168/jonathan_oxer_hugh_blemings_practical_arduino.html},
}

@Book{libro:programming_interactivity,
  title     = {Programming Interactivity: A Designer's Guide to Processing, Arduino, and Openframeworks},
  publisher = {O'Reilly Media},
  year      = {2009},
  author    = {Joshua Noble},
  isbn      = {978-0-596-15414-1},
  url       = {https://www.amazon.com/Programming-Interactivity-Designers-Processing-Openframeworks/dp/0596154143%3FSubscriptionId%3D0JYN1NVW651KCA56C102%26tag%3Dtechkie-20%26linkCode%3Dxm2%26camp%3D2025%26creative%3D165953%26creativeASIN%3D0596154143},
}

@Book{libro:getting_started_arduino,
  title     = {Getting Started with Arduino},
  publisher = {Maker Media, Inc},
  year      = {2014},
  author    = {Banzi, Massimo and Shiloh, Michael},
  date      = {2014-12-10},
  ean       = {9781449363291},
  isbn      = {9781449363291},
  pagetotal = {262},
  url       = {http://www.ebook.de/de/product/23481176/massimo_banzi_michael_shiloh_getting_started_with_arduino.html},
}

@Book{libro:proyectos_robotica_arduino,
  title     = {100 Proyectos de Robótica con Bitbloq y Arduino (Spanish Edition)},
  publisher = {Ernesto Martínez de Carvajal Hedrich},
  year      = {2016},
  author    = {Ernesto Martínez de Carvajal Hedrich},
  isbn      = {978-8460843177},
  url       = {https://www.amazon.com/Proyectos-Rob%C3%B3tica-Bitbloq-Arduino-Spanish/dp/8460843173%3FSubscriptionId%3D0JYN1NVW651KCA56C102%26tag%3Dtechkie-20%26linkCode%3Dxm2%26camp%3D2025%26creative%3D165953%26creativeASIN%3D8460843173},
}

@Article{articulo:identificacion_forense_comunidades_bacterias,
  author  = {Fierer Noah, Lauber Christian L., Zhou Nick, McDonald Daniel, Costello Elizabeth K., Knight Rob},
  title   = {Forensic identification using skin bacterial communities},
  journal = {PNAS},
  year    = {2010},
  volume  = {107},
  number  = {14},
  month   = {abr},
  note    = {Recuperado el 1 de Febrero de 2017 desde \url{http://www.pnas.org/content/107/14/6477.full?tab=author-info}},
  issn    = {0027-8424},
  url     = {http://www.pnas.org/content/107/14/6477.full?tab=author-info},
}

@Book{libro:embedded_system_design,
  title     = {Embedded System Design},
  publisher = {Springer-Verlag GmbH},
  year      = {2010},
  author    = {Marwedel, Peter},
  date      = {2010-12-11},
  ean       = {9789400702561},
  isbn      = {978-9400702561},
  url       = {http://www.ebook.de/de/product/13051624/peter_marwedel_embedded_system_design.html},
}

@Book{libro:tecnologias_biometricas_aplicadas_seguridad,
  title     = {Tecnologías biométricas aplicadas a la Seguridad},
  publisher = {Ra-Ma Editorial, S.A.},
  year      = {2004},
  author    = {Sigüenza, Juan A. and Mateos, Merino Tapiador},
  date      = {2004-12-11},
  ean       = {9788478976362},
  isbn      = {9788478976362},
  pagetotal = {418},
  url       = {http://www.ebook.de/de/product/8430115/juan_a_sigueenza_merino_tapiador_mateos_tecnologia_biometricas_aplicadas_a_la_seguridad.html},
}

@Misc{web:sensor_digital,
  author = {Código Zen},
  title  = {Biometría - Huella Digital},
  month  = {sep},
  year   = {2013},
  note   = {Recuperado el 7 de Mayo de 2017 desde \url{http://www.codigodebarras.pe/biometria-huella-digital-tecnologias/}},
  url    = {http://www.codigodebarras.pe/biometria-huella-digital-tecnologias/},
}

@TechReport{reporte:clasificacion_huellas_mediante_minucias,
  author      = {Aradí Rosales Cruz},
  title       = {Clasificación de huellas digitales mediante minucias},
  institution = {Instituto Nacional de Astrofísica, Óptica y Electrónica},
  year        = {2009},
  type        = {resreport},
  month       = {apr},
  note        = {Recuperado el 12 de Marzo de 2017 desde \url{http://ccc.inaoep.mx/~esucar/Clases-mgp/Proyectos/reporte_modelos_huellas.pdf}},
  url         = {http://ccc.inaoep.mx/~esucar/Clases-mgp/Proyectos/reporte_modelos_huellas.pdf},
}

@Article{articulo:identificacion_personas_organismos_estatales,
  author  = {Alvez, Carlos Eduardo; Benedetto, Marcelo Gabriel; Etchart, Graciela Raquel; Luna, Lucas Javier; Leal, Carlos Rafael; Fernández, Miguel Antonio; Berón, Gustavo Luis; Loggio, Sebastián René},
  title   = {Identificación de personas mediante Sistemas Biométricos. Estudio de factibilidad y su implementación en organismos estatales},
  journal = {Suplemento Ciencia, Docencia y Tecnología},
  year    = {2014},
  volume  = {4},
  number  = {4},
  pages   = {71},
  note    = {Recuperado el 10 de Enero de 2017 desde \url{http://www.pcient.uner.edu.ar/index.php/Scdyt/article/download/7/18}},
  issn    = {2250-4559},
  owner   = {Facultad de Ciencias de la Administración. Universidad Nacional de Entre Ríos (UNER)},
  url     = {http://www.pcient.uner.edu.ar/index.php/Scdyt/article/download/7/18},
}

@TechReport{tesis:autenticacion_biometrica_estadios_argentina,
  author      = {Juan Pablo Butrón},
  title       = {Autenticación Biométrica por Huella Dactilar en Estadios},
  institution = {Universidad del Aconcagua},
  year        = {2012},
  type        = {Tesis de Licenciatura},
  url         = {http://bibliotecadigital.uda.edu.ar/objetos_digitales/426/tesis-4514-autentificacion.pdf},
}

@Manual{datasheet:TL-POE10R_V4,
  title        = {Datasheet PoE Splitter TL-POE10R},
  author       = {TP-LINK},
  organization = {TP-LINK},
  year         = {2012},
  note         = {Recuperado el 3 de Mayo de 2017 desde \url{http://static.tp-link.com/resources/document/TL-POE10R_V4_Datasheet_ES.pdf}},
  url          = {http://static.tp-link.com/resources/document/TL-POE10R_V4_Datasheet_ES.pdf},
}

@TechReport{tesis:portal_seguridad_control_accesos_recintos_y_areas_de_altaseguridad,
  author       = {De la Rocha Diaz Jorge},
  title        = {Portal de seguridad para control de acceso a recintos y/o areas de alta seguridad},
  institution  = {Universidad Mayor de San Andrés},
  year         = {2000},
  type         = {Tesis de Licenciatura},
  month        = {jul},
  howpublished = {2000},
}

@TechReport{tesis:soluciones_inteligentes_acceso_fisico_colombia,
  author       = {Jorge Eduardo Velasquez Valencia, Alvaro Andres Linares Jaramillo},
  title        = {Soluciones inteligentes para el control de acceso físico mediante el uso de tecnología biométrica},
  institution  = {Universidad Tecnológica de Pereira},
  year         = {2013},
  type         = {Tesis de Licenciatura},
  howpublished = {2013},
  url          = {http://repositorio.utp.edu.co/dspace/bitstream/handle/11059/4090/0053682V434.pdf;jsessionid=AFA3587AAB52A715B6FDF4F16348120D?sequence=1},
}

@Article{articulo:tecnologias_biometricas_peru,
  author  = {Luzmila Pró, Juan Carlos Gonzáles, Walter Contreras, Carlos Yañez},
  title   = {Tecnologías Biométricas aplicadas a la seguridad en las organizaciones},
  journal = {Revista de Ingeniería de Sistemas e Informática, Universidad Nacional Mayor de San Marcos},
  year    = {2009},
  volume  = {6},
  number  = {2},
  pages   = {66},
  month   = {jul},
  note    = {Recuperado el 11 de Enero de 2017 desde \url{http://sisbib.unmsm.edu.pe/BibVirtual/Publicaciones/risi/2009_n2/v6n2/a07v6n2.pdf}},
  url     = {http://sisbib.unmsm.edu.pe/BibVirtual/Publicaciones/risi/2009_n2/v6n2/a07v6n2.pdf},
}

@Manual{datasheet:enc28j60,
  title        = {Datasheet ENC28J60 Stand-Alone Ethernet Controller with SPI Interface},
  author       = {MICROCHIP},
  organization = {MICROCHIP},
  year         = {2004},
  note         = {Recuperado el 25 de Mayo de 2017 desde \url{http://ww1.microchip.com/downloads/en/DeviceDoc/39662c.pdf}},
  url          = {http://ww1.microchip.com/downloads/en/DeviceDoc/39662c.pdf},
}

@TechReport{tesis:alarma_seguridad_empresa_auplatec_ecuador,
  author       = {María José Zambrano Carrasco},
  title        = {Sistema de alarma para mejorar la seguridad de la empresa AUPLATEC ubicada en el canton Pelileo},
  institution  = {Universidad Técnica de Ambato},
  year         = {2012},
  type         = {Tesis de Licenciatura},
  month        = {dic},
  comment      = {Universidad Técnica de Ambato, Facultad de Ingeniería en Sistemas Electrónica e Industrial, Carrera de Ingeniería en Electrónica y Comunicaciones},
  howpublished = {2012},
  url          = {http://repo.uta.edu.ec/bitstream/123456789/2902/1/Tesis_t766ec.pdf},
}

@Manual{datasheet:optoacoplador,
  title        = {Datasheet Optoacoplador Lite-On LTV-817},
  author       = {LITE-ON},
  organization = {LITE-ON},
  note         = {Recuperado el 20 de Mayo de 2017 desde \url{http://henrysbench.capnfatz.com/wp-content/uploads/2015/05/817C-Optocoupler-Datasheet.pdf}},
  url          = {http://henrysbench.capnfatz.com/wp-content/uploads/2015/05/817C-Optocoupler-Datasheet.pdf},
}

@Manual{datasheet:rele,
  title        = {Datasheet Songle Relay 5V},
  author       = {SONGLE},
  organization = {SONGLE},
  note         = {Recuperado el 29 de Mayo de 2017 desde \url{http://henrysbench.capnfatz.com/wp-content/uploads/2015/05/Songle-SRD-Relay-Datasheet.pdf}},
  url          = {http://henrysbench.capnfatz.com/wp-content/uploads/2015/05/Songle-SRD-Relay-Datasheet.pdf},
}

@Manual{datasheet:modulo_rele,
  title        = {Datasheet Microbot Relay Module 2-Channel},
  author       = {Microbot},
  organization = {Microbot},
  year         = {2015},
  note         = {Recuperado el 29 de Mayo de 2017 desde \url{http://www.microbot.it/documents/mr009-004_datasheet.pdf}},
  url          = {http://www.microbot.it/documents/mr009-004_datasheet.pdf},
}

@Manual{datasheet:ep10,
  title        = {Datasheet Pulse POE Trasnformer EP10},
  author       = {Pulse},
  organization = {Pulse},
  month        = {nov},
  year         = {2007},
  note         = {Recuperado el 24 de Mayo de 2017 desde \url{http://html.alldatasheet.com/html-pdf/536082/PULSE/PA1260NL/151/1/PA1260NL.html}},
  url          = {http://html.alldatasheet.com/html-pdf/536082/PULSE/PA1260NL/151/1/PA1260NL.html},
}

@Manual{datasheet:ethercard,
  title        = {Datasheet Olimex Ethercard ENC28J60},
  author       = {Olimex},
  organization = {Olimex},
  month        = {ene},
  year         = {2015},
  note         = {Recuperado el 20 de Mayo de 2017 desde \url{https://www.olimex.com/Products/Modules/Ethernet/MOD-ENC28J60/resources/MOD-ENC28J60.pdf}},
  url          = {https://www.olimex.com/Products/Modules/Ethernet/MOD-ENC28J60/resources/MOD-ENC28J60.pdf},
}

@Manual{datasheet:ltc4267,
  title        = {Datasheet Linear Technology LTC4267-3},
  author       = {Linear Technology},
  organization = {Linear Technology},
  edition      = {7},
  month        = {jul},
  year         = {2015},
  note         = {Recuperado el 22 de Mayo de 2017 desde \url{http://cds.linear.com/docs/en/datasheet/42673fb.pdf}},
  url          = {http://cds.linear.com/docs/en/datasheet/42673fb.pdf},
}

@Manual{datasheet:atmega328,
  title        = {Datasheet Atmel ATmega328P},
  author       = {Atmel},
  organization = {Atmel},
  year         = {2015},
  note         = {Recuperado el 27 de Mayo de 2017 desde \url{http://www.mouser.com/ds/2/268/atmel-8271-8-bit-avr-microcontroller-atmega48a-48p-1065900.pdf}},
  url          = {http://www.mouser.com/ds/2/268/atmel-8271-8-bit-avr-microcontroller-atmega48a-48p-1065900.pdf},
}

@TechReport{reporte:determinando_precision_reloj_comunicacion_uart,
  author      = {Maxim Integrated},
  title       = {Determining Clock Accuracy Requirements for UART Communications},
  institution = {Maxim Integrated},
  year        = {2003},
  type        = {resreport},
  number      = {2141},
  month       = {ago},
  note        = {Recuperado el 15 de Mayo de 2017 desde \url{http://pdfserv.maximintegrated.com/en/an/AN2141.pdf}},
  url         = {http://pdfserv.maximintegrated.com/en/an/AN2141.pdf},
}

@Manual{manual:xmega_usart,
  title        = {Manual Atmel XMEGA USART},
  author       = {Atmel},
  organization = {Atmel},
  year         = {2010},
  url          = {http://www.atmel.com/Images/doc8319.pdf},
}

@Manual{datasheet:chapa_tesa,
  title        = {Catálogo TESA Cerraduras Electromécanicas},
  author       = {TESA},
  organization = {TESA},
  year         = {2008},
  note         = {Recuperado el 3 de Junio de 2017 desde \url{http://www.tesa.es/Other/Tesa/PDF/Mec%C3%A1nica%20Nacional/TESA%20dispositivos%20electromecanicos.pdf}},
  url          = {http://www.tesa.es/Other/Tesa/PDF/Mec%C3%A1nica%20Nacional/TESA%20dispositivos%20electromecanicos.pdf},
}

@Manual{datasheet:attiny85,
  title        = {Datasheet Atmel ATtiny85},
  author       = {Atmel},
  organization = {Atmel},
  year         = {2013},
  note         = {Recuperado el 28 de Mayo de 2017 desde \url{http://www.atmel.com/images/atmel-2586-avr-8-bit-microcontroller-attiny25-attiny45-attiny85_datasheet.pdf}},
  url          = {http://www.atmel.com/images/atmel-2586-avr-8-bit-microcontroller-attiny25-attiny45-attiny85_datasheet.pdf},
}

@Manual{datasheet:hc06,
  title        = {Datasheet Olimex HC-06},
  author       = {Olimex},
  organization = {Olimex},
  edition      = {2.0},
  year         = {2010},
  note         = {Recuperado el 30 de Mayo de 2017 desde \url{https://www.olimex.com/Products/Components/RF/BLUETOOTH-SERIAL-HC-06/resources/hc06.pdf}},
  url          = {https://www.olimex.com/Products/Components/RF/BLUETOOTH-SERIAL-HC-06/resources/hc06.pdf},
}

@Manual{datasheet:inbio260,
  title        = {Datasheet ZKSoftware placa controladora para el control de accesos de 2 puertas},
  author       = {ZKSoftware},
  organization = {ZKSoftware},
  year         = {2017},
  note         = {Recuperado el 1 de Junio de 2017 desde \url{http://www.zksoftware.com.ar/brochures/inbio-260.pdf}},
  url          = {http://www.zksoftware.com.ar/brochures/inbio-260.pdf},
}

@Manual{datasheet:inbio460,
  title        = {Datasheet ZKSoftware placa controladora de accesos de 4 puertas},
  author       = {ZKSoftware},
  organization = {ZKSoftware},
  edition      = {2017},
  note         = {Recuperado el 1 de Junio de 2017 desde \url{http://www.zksoftware.com.ar/brochures/inbio-460.pdf}},
  url          = {http://www.zksoftware.com.ar/brochures/inbio-460.pdf},
}

@Manual{datasheet:zk-fr1500,
  title        = {Datasheet ZKSoftware lector de huella esclavo con sensor de huella SilkID},
  author       = {ZKSoftware},
  organization = {ZKSoftware},
  year         = {2017},
  note         = {Recuperado el 5 de Junio de 2017 desde \url{http://www.zksoftware.com.ar/brochures/zk-fr1500.pdf}},
  url          = {http://www.zksoftware.com.ar/brochures/zk-fr1500.pdf},
}

@Manual{datasheet:zk-yb300,
  title        = {Datasheet ZKSoftware cerradura eléctrica ZK-YB300},
  author       = {ZKSoftware},
  organization = {ZKSoftware},
  year         = {2017},
  note         = {Recuperado el 5 de Junio de 2017 desde \url{http://www.zksoftware.com.ar/brochures/zk-yb300.pdf}},
  url          = {http://www.zksoftware.com.ar/brochures/zk-yb300.pdf},
}

@Manual{datasheet:zk-abk800a,
  title        = {Datasheet ZKSoftware botón pulsador para solicitud de salida ZK-ABK800A},
  author       = {ZKSoftware},
  organization = {ZKSoftware},
  year         = {2017},
  note         = {Recuperado el 4 de Junio de 2017 desde \url{http://www.zksoftware.com.ar/brochures/zk_abk800a.pdf}},
  url          = {http://www.zksoftware.com.ar/brochures/zk_abk800a.pdf},
}

@Book{norma:nfpa_731,
  title     = {NFPA 731 Standard for the Installation of Electronic Premises},
  publisher = {National Fire Protection Association},
  year      = {2006},
  author    = {NFPA},
  editor    = {Organización Iberoamericana de Protección Contra Incendios OPCI},
  url       = {https://es.scribd.com/doc/216003229/Nfpa-731-06e-PDF},
}

@Book{norma:nfpa_730,
  title     = {NFPA 730 Guide for Premises Security},
  publisher = {National Fire Protection Association},
  year      = {2006},
  author    = {NFPA},
  editor    = {Organización Iberoamericana de Protección Contra Incendios OPCI},
  url       = {https://es.scribd.com/document/338226177/NFPA-730-2006-Guia-Para-Seguridad-Fisica-en-Establecimientos},
}

@Book{norma:rm_849_14,
  title     = {Norma de Señalización de Seguridad, Salud en el Trabajo y Emergencias de Defensa Civil},
  publisher = {Ministerio de Trabajo, Empleo y Previsión Social},
  year      = {2014},
  author    = {Ministerio de Trabajo, Empleo y Previsión Social},
  editor    = {Ministerio de Trabajo, Empleo y Previsión Social},
  url       = {http://www.mintrabajo.gob.bo/Upload/Normativa/NOR-178-29092015/RM-849-14_Anexo.pdf},
}

@Book{norma:nb_1220004,
  title     = {Accesibilidad de las Personas con Discapacidad al Medio Físico},
  publisher = {Ministerio de Obras Públicas, Servicios y Vivienda, Viceministerio de Vivienda y Urbanismo},
  year      = {2015},
  author    = {MOPSV, VMVU},
  editor    = {Grupo Impresor},
  url       = {https://www.oopp.gob.bo/uploads/Guia_Nacional_17_Normas_Bolivianas.pdf},
}

@Misc{web:iot_dependencia_protocolos,
  author = {Daniel Mandell},
  title  = {Connecting the Internet of Things: Interoperability Depends on Protocols},
  month  = {ago},
  year   = {2014},
  note   = {Recuperado el 6 de Marzo de 2017 desde \url{http://www.vdcresearch.com/News-events/iot-blog/2014/connecting-the-internet-of-things-interoperability-depends-on-protocols.html}},
  url    = {http://www.vdcresearch.com/News-events/iot-blog/2014/connecting-the-internet-of-things-interoperability-depends-on-protocols.html},
}

@Misc{web:reconocimiento_iris,
  author = {Wikipedia},
  title  = {Reconocimiento de iris},
  month  = {abr},
  year   = {2010},
  note   = {Recuperado el 17 de Marzo de 2017 desde \url{https://es.wikipedia.org/wiki/Reconocimiento_de_iris}},
  url    = {https://es.wikipedia.org/wiki/Reconocimiento_de_iris},
}

@Misc{web:reconocimiento_facial,
  author = {Wikipedia},
  title  = {Sistema de reconocimiento facial},
  month  = {may},
  year   = {2012},
  note   = {Recuperado el 17 de Marzo de 2017 desde \url{https://es.wikipedia.org/wiki/Sistema_de_reconocimiento_facial}},
  url    = {https://es.wikipedia.org/wiki/Sistema_de_reconocimiento_facial},
}

@Misc{web:sensor_huella_digital,
  author = {Wikipedia},
  title  = {Sensor de huella digital},
  month  = {dic},
  year   = {2010},
  note   = {Recuperado el 17 de Marzo de 2017 desde \url{https://es.wikipedia.org/wiki/Sensor_de_huella_digital}},
  url    = {https://es.wikipedia.org/wiki/Sensor_de_huella_digital},
}

@Misc{web:huella_dactilar,
  author = {Wikipedia},
  title  = {Huella dactilar},
  month  = {ago},
  year   = {2015},
  note   = {Recuperado el 19 de Marzo de 2017 desde \url{https://es.wikipedia.org/wiki/Huella_dactilar}},
  url    = {https://es.wikipedia.org/wiki/Huella_dactilar},
}

@Book{norma:cjis_rs_0010,
  title     = {Electronic Fingerprint Transmission Specification},
  publisher = {Criminal Justice Information Services},
  year      = {1999},
  author    = {Federal Bureau of Investigation},
  editor    = {Criminal Justice Information Services},
  address   = {935 Pennsylvania Avenue, N.W., Washington, D.C},
  edition   = {7},
  month     = {ene},
  url       = {https://it.ojp.gov/NISS/Downloads/IEPD/136},
}

@Book{norma:iafis_ic_0110,
  title     = {WSQ Gray-Scale Fingerprint Image Compression Specification},
  publisher = {Criminal Justice Information Services},
  year      = {1997},
  author    = {Federal Bureau of Investigation},
  editor    = {Criminal Justice Information Services},
  address   = {935 Pennsylvania Avenue, N.W., Washington, D.C},
  edition   = {3},
  month     = {dec},
  url       = {https://www.fbibiospecs.cjis.gov/Document/Get?fileName=WSQ_Gray-scale_Specification_Version_3.pdf},
}

@Misc{web:seguridad,
  author = {Wikipedia},
  title  = {Seguridad},
  month  = {sep},
  year   = {2016},
  note   = {Recuperado el 18 de Marzo de 2017 desde \url{https://es.wikipedia.org/wiki/Seguridad}},
  url    = {https://es.wikipedia.org/wiki/Seguridad},
}

@Book{libro:sistemas_de_comunicaciones_electronicas,
  title     = {Sistemas de Comunicaciones Electrónicas},
  publisher = {Prentice Hall},
  year      = {2003},
  author    = {Wayne Tomasi},
  editor    = {Guillermo Trujano Mendoza},
  edition   = {4},
  date      = {2003},
  isbn      = {970-26-0316-1},
  pagetotal = {418},
  url       = {https://hellsingge.files.wordpress.com/2014/08/sistemas-de-comunicaciones-electronicas-tomasi-4ta-edicic3b3n.pdf},
}

@TechReport{reporte:internet_de_las_cosas,
  author      = {Dave Evans},
  title       = {Internet de las cosas},
  institution = {Cisco},
  year        = {2011},
  type        = {Informe Técnico},
  month       = {abr},
  note        = {Recuperado el 9 de Julio de 2017 desde \url{http://www.cisco.com/c/dam/global/es_mx/solutions/executive/assets/pdf/internet-of-things-iot-ibsg.pdf}},
  url         = {http://www.cisco.com/c/dam/global/es_mx/solutions/executive/assets/pdf/internet-of-things-iot-ibsg.pdf},
}

@Misc{web:entorno_ejecucion,
  author = {Wikipedia},
  title  = {Tiempo de ejecución},
  month  = {abr},
  year   = {2007},
  note   = {Recuperado el 9 de Julio de 2017 desde \url{https://es.wikipedia.org/wiki/Tiempo_de_ejecucion}},
  url    = {https://es.wikipedia.org/wiki/Tiempo_de_ejecucion},
}

@Misc{web:mqtt,
  author = {Wikipedia},
  title  = {MQTT},
  month  = {jul},
  year   = {2016},
  note   = {Recuperado el 10 de Julio de 2017 desde \url{https://en.wikipedia.org/wiki/MQTT}},
  url    = {https://en.wikipedia.org/wiki/MQTT},
}

@Misc{web:base_de_datos,
  author = {Wikipedia},
  title  = {Base de datos},
  month  = {sep},
  year   = {2015},
  note   = {Recuperado el 10 de Julio de 2017 desde \url{https://es.wikipedia.org/wiki/Base_de_datos}},
  url    = {https://es.wikipedia.org/wiki/Base_de_datos},
}

@Misc{web:aplicacion_sistema_electoral_biometrico,
  author = {Sergio Werner},
  title  = {Aplicación de Nuevas Tecnologías al Sistema Electoral – Biometría y Voto Electrónico},
  month  = {mar},
  year   = {2011},
  note   = {Recuperado el 10 de Julio de 2017 desde \url{http://www.monografias.com/trabajos82/biometria-y-voto-electronico/biometria-y-voto-electronico.shtml}},
  url    = {http://www.monografias.com/trabajos82/biometria-y-voto-electronico/biometria-y-voto-electronico.shtml},
}

@Misc{web:soluciones_umanick,
  author = {Sebastián Ramos Bustos},
  title  = {Introducción a UMANICK y sus soluciones},
  year   = {2016},
  note   = {Recuperado el 10 de Julio de 2017 desde \url{http://slideplayer.es/slide/10260150/}},
  url    = {http://slideplayer.es/slide/10260150/},
}

@Misc{web:nano_hc_05,
  author = {ElectronicaStore.Net},
  title  = {Encender un Led con Android y Arduino vía Bluetooth},
  month  = {mar},
  year   = {2016},
  note   = {Recuperado el 12 de Julio de 2017 desde \url{https://electronicastore.net/encender-un-led-con-android-y-arduino-via-bluetooth/}},
  url    = {https://electronicastore.net/encender-un-led-con-android-y-arduino-via-bluetooth/},
}

@Comment{jabref-meta: databaseType:bibtex;}
